@article{Kreider2011,
    title = {{A reduced-order, single-bubble cavitation model with applications to therapeutic ultrasound}},
    year = {2011},
    journal = {The Journal of the Acoustical Society of America},
    author = {Kreider, Wayne and Crum, Lawrence A and Bailey, Michael R and Sapozhnikov, Oleg A},
    number = {5},
    pages = {3511--3530},
    volume = {130},
    publisher = {ASA}
}

@article{Hilgenfeldt1998,
    title = {{Analysis of Rayleigh-Plesset dynamics for sonoluminescing bubbles}},
    year = {1998},
    journal = {Journal of Fluid Mechanics},
    author = {Hilgenfeldt, Sascha and Brenner, Michael P and Grossmann, Siegfried and Lohse, Detlef},
    pages = {171--204},
    volume = {365}
}

@article{Lohse2003,
    title = {{Bubble puzzles}},
    year = {2003},
    journal = {Physics Today},
    author = {Lohse, Detlef},
    number = {2},
    pages = {36--41},
    volume = {56},
    publisher = {AIP}
}

@article{Kamaruddin2011,
    title = {{Dynamics and performance of flying discs}},
    year = {2011},
    journal = {Civil Engineering},
    author = {Kamaruddin, Noorfazreena Mohammad},
    pages = {168}
}

@article{Lorenz2005,
    title = {{Flight and attitude dynamics measurements of an instrumented Frisbee}},
    year = {2005},
    journal = {Measurement Science and Technology},
    author = {Lorenz, Ralph D.},
    number = {3},
    pages = {738--748},
    volume = {16},
    isbn = {0957-0233},
    doi = {10.1088/0957-0233/16/3/017},
    issn = {09570233},
    keywords = {Accelerometer, Aerodynamics, Attitude, Disc wing, Dynamics, Free-flight, Frisbee, Gyrodynamics, Magnetometer, Orientation, Spacecraft, Sun sensor, Video}
}

@misc{Sheppard,
    title = {{Frisbee}},
    author = {Sheppard, Laurel},
    howpublished = {\url{http://www.madehow.com/Volume-5/Frisbee.html}}
}

@article{Potts2002,
    title = {{Frisbee(TM) Aerodynamics}},
    year = {2002},
    journal = {20th AIAA Applied Aerodynamics Conference},
    author = {Potts, Jonathan and Crowther, William},
    number = {April},
    howpublished = {\url{http://arc.aiaa.org/doi/10.2514/6.2002-3150}},
    isbn = {978-1-62410-110-6},
    doi = {10.2514/6.2002-3150}
}

@unpublished{Pozderac2016,
    title = {{Gone With the Wind: An Investigation into the Flight Dynamics of Discs}},
    year = {2016},
    author = {Pozderac, Preston},
    pages = {3,8},
    howpublished = {\url{http://physics.wooster.edu/JrIS/Files/Web_Article_Pozderac.pdf}},
    institution = {The College of Wooster},
    address = {Wooster}
}

@article{Lissaman2010,
    title = {{Maximum range of flying discs}},
    year = {2010},
    journal = {Procedia Engineering},
    author = {Lissaman, Peter and Hubbard, Mont},
    number = {2},
    pages = {2529--2535},
    volume = {2},
    publisher = {Elsevier},
    howpublished = {\url{http://dx.doi.org/10.1016/j.proeng.2010.04.027}},
    doi = {10.1016/j.proeng.2010.04.027},
    issn = {18777058},
    keywords = {Flight dynamics, Flying discs, Frisbee}
}

@article{Crowther2007,
    title = {{Simulation of a spinstabilised sports disc}},
    year = {2007},
    journal = {Sports Engineering},
    author = {Crowther, W. J. and Potts, J. R.},
    number = {1},
    pages = {3--21},
    volume = {10},
    doi = {10.1007/BF02844198},
    issn = {1369-7072},
    keywords = {aerodynamics, frisbee, modelling, simulation, sports disc, trajectory}
}

@article{Hubbard2000,
    title = {{Simulation of Frisbee flight}},
    year = {2000},
    journal = {Proceedings of the 5 th Conference on},
    author = {Hubbard, M},
    number = {June},
    pages = {14--16}
}

@article{Baumback2010,
    title = {{The Aerodynamics of Frisbee Flight}},
    year = {2010},
    journal = {Undergraduate Journal of Mathematical Modeling: One + Two},
    author = {Baumback, Kathleen and Saito, Masahiko and Campbell, Scott},
    number = {1},
    pages = {5},
    volume = {3},
    howpublished = {\url{https://scholarcommons.usf.edu/cgi/viewcontent.cgi?referer=https://www.google.ca/&httpsredir=1&article=4817&context=ujmm}},
    doi = {http://dx.doi.org/10.5038/2326-3652.3.1.31}
}

@article{Morrison2005,
    title = {{The Physics of Frisbees}},
    year = {2005},
    author = {Morrison, V R},
    pages = {1--12},
    volume = {6},
    keywords = {angle of attack, bernoulli, drag, frisbee, gyroscopic stability, lift}
}

@misc{DiscCriteria,
    title = {{Disc Testing Criteria}},
    publisher = {USA Ultimate},
    howpublished = {\url{https://www.usaultimate.org/assets/1/AssetManager/DSWG002 - Disc Testing Criteria.doc}}
}

@misc{WingDefintions,
    title = {{Wing Geometry Defintions}},
    booktitle = {NASA},
    howpublished = {\url{https://www.grc.nasa.gov/www/k-12/airplane/geom.html}}
}
@article{HummelIdentificationData,
    title = {{Identification of Frisbee aerodynamic coefficients using flight data}},
    author = {Hummel, Sarah A. and Hubbard, Mont},
    pages = {3}
}

 